<record><leader>00000cas a22000007a 4500</leader><controlfield tag="001">18976415</controlfield><controlfield tag="008">890106d18881912mouwr ne      0    0eng d</controlfield><datafield ind1=" " ind2=" " tag="010"><subfield code="a">sn 88068052 </subfield></datafield><datafield ind1=" " ind2=" " tag="040"><subfield code="a">MQN</subfield><subfield code="b">eng</subfield><subfield code="c">MQN</subfield><subfield code="d">OCLCQ</subfield></datafield><datafield ind1=" " ind2=" " tag="042"><subfield code="a">msc</subfield></datafield><datafield ind1="0" ind2="4" tag="245"><subfield code="a">The Marceline journal.</subfield></datafield><datafield ind1=" " ind2=" " tag="260"><subfield code="a">Marceline, Mo. :</subfield><subfield code="b">J.A. Smith</subfield></datafield><datafield ind1=" " ind2=" " tag="300"><subfield code="a">v.</subfield></datafield><datafield ind1=" " ind2=" " tag="310"><subfield code="a">Weekly</subfield></datafield><datafield ind1="1" ind2=" " tag="362"><subfield code="a">Began in 1888? Ceased with July 26, 1912 issue?</subfield></datafield><datafield ind1=" " ind2=" " tag="588"><subfield code="a">Description based on: Vol. 3, no. 39 (Oct. 23, 1890).</subfield></datafield><datafield ind1=" " ind2=" " tag="752"><subfield code="a">United States</subfield><subfield code="b">Missouri</subfield><subfield code="c">Linn</subfield><subfield code="d">Marceline.</subfield></datafield><datafield ind1="0" ind2="7" tag="785"><subfield code="t">Marceline mirror</subfield><subfield code="w">(DLC)sn 88068066</subfield></datafield><datafield ind1="0" ind2="7" tag="785"><subfield code="t">Marceline journal-mirror</subfield><subfield code="w">(DLC)sn 92058862</subfield></datafield></record>